[gd_scene load_steps=10 format=2]

[ext_resource path="res://UI/Frame.png" type="Texture" id=1]
[ext_resource path="res://UI/UpgradeButton.gd" type="Script" id=2]
[ext_resource path="res://UI/SlotUpgrade.png" type="Texture" id=3]
[ext_resource path="res://UI/SlotUpgradeHove.png" type="Texture" id=4]
[ext_resource path="res://UI/SlotUpgradePressed.png" type="Texture" id=5]
[ext_resource path="res://UI/font/Comfortaa-Bold.ttf" type="DynamicFontData" id=6]
[ext_resource path="res://UI/CostLabel.gd" type="Script" id=7]

[sub_resource type="Theme" id=2]

TooltipLabel/colors/font_color = Color( 0, 0, 0, 1 )
TooltipLabel/colors/font_color_shadow = Color( 0, 0, 0, 0.1 )
TooltipLabel/constants/shadow_offset_x = 1
TooltipLabel/constants/shadow_offset_y = 1
TooltipLabel/fonts/font = null
TooltipPanel/styles/panel = null
_sections_unfolded = [ "TooltipLabel", "TooltipLabel/colors", "TooltipLabel/constants", "TooltipLabel/fonts", "TooltipPanel", "TooltipPanel/styles" ]

[sub_resource type="DynamicFont" id=1]

size = 18
use_mipmaps = false
use_filter = false
font_data = ExtResource( 6 )
_sections_unfolded = [ "Extra Spacing", "Font", "Settings" ]

[node name="UpgradeFrame" type="NinePatchRect"]

anchor_left = 0.0
anchor_top = 0.0
anchor_right = 0.0
anchor_bottom = 0.0
margin_right = 80.0
margin_bottom = 80.0
rect_min_size = Vector2( 80, 80 )
rect_pivot_offset = Vector2( 0, 0 )
rect_clip_content = false
mouse_filter = 2
mouse_default_cursor_shape = 0
size_flags_horizontal = 1
size_flags_vertical = 1
texture = ExtResource( 1 )
script = ExtResource( 2 )
_sections_unfolded = [ "Anchor", "Margin" ]
upgrade_group = "slot1"
normal = ExtResource( 3 )
hover = ExtResource( 4 )
pressed = ExtResource( 5 )
add = true

[node name="UpgradeButton" type="TextureButton" parent="." index="0"]

anchor_left = 0.5
anchor_top = 0.5
anchor_right = 0.5
anchor_bottom = 0.5
margin_left = -32.0
margin_top = -32.0
margin_right = 32.0
margin_bottom = 32.0
rect_min_size = Vector2( 64, 64 )
rect_pivot_offset = Vector2( 0, 0 )
rect_clip_content = false
focus_mode = 2
mouse_filter = 1
mouse_default_cursor_shape = 0
size_flags_horizontal = 1
size_flags_vertical = 1
theme = SubResource( 2 )
toggle_mode = false
enabled_focus_mode = 2
shortcut = null
group = null
texture_normal = ExtResource( 3 )
texture_pressed = ExtResource( 4 )
texture_hover = ExtResource( 5 )
stretch_mode = 1
_sections_unfolded = [ "Hint", "Pause", "Theme" ]

[node name="UpgradeCost" type="Label" parent="." index="1"]

anchor_left = 0.0
anchor_top = 0.0
anchor_right = 1.0
anchor_bottom = 1.0
margin_left = 10.0
margin_top = 10.0
margin_right = -10.0
margin_bottom = -10.0
rect_pivot_offset = Vector2( 0, 0 )
rect_clip_content = false
mouse_filter = 2
mouse_default_cursor_shape = 0
size_flags_horizontal = 1
size_flags_vertical = 4
custom_fonts/font = SubResource( 1 )
custom_colors/font_color = Color( 1, 1, 1, 1 )
custom_colors/font_color_shadow = Color( 0, 0, 0, 1 )
text = "25"
align = 2
valign = 2
percent_visible = 1.0
lines_skipped = 0
max_lines_visible = -1
script = ExtResource( 7 )
_sections_unfolded = [ "Margin", "custom_colors", "custom_fonts" ]

[node name="CurrentLevel" type="Label" parent="." index="2"]

anchor_left = 0.0
anchor_top = 0.0
anchor_right = 1.0
anchor_bottom = 1.0
margin_left = 10.0
margin_top = 10.0
margin_right = -10.0
margin_bottom = -10.0
rect_pivot_offset = Vector2( 0, 0 )
rect_clip_content = false
mouse_filter = 2
mouse_default_cursor_shape = 0
size_flags_horizontal = 1
size_flags_vertical = 4
custom_fonts/font = SubResource( 1 )
custom_colors/font_color = Color( 1, 1, 1, 1 )
custom_colors/font_color_shadow = Color( 0, 0, 0, 1 )
percent_visible = 1.0
lines_skipped = 0
max_lines_visible = -1
script = ExtResource( 7 )
_sections_unfolded = [ "Margin", "custom_colors", "custom_fonts" ]


